%% This BibTeX bibliography file in UTF-8 format was created using Papers.
%% http://mekentosj.com/papers/

@article{Geertzen:2006p11,
author = {Jeroen Geertzen}, 
title = {Alignment-Based Learner Reference Guide},
year = {2006},
month = {Feb},
uri = {papers://DB7FB87E-F73C-45B1-9408-4C5BD775B8E1/Paper/p11},
URL = {http://ilk.uvt.nl/~menno/personal_files/software/abl/abl-1.1.tar.gz}
}

@article{vanZaanen:2003p72,
author = {Menno van Zaanen}, 
title = {Alignment-Based Learning versus Data-Oriented Parsing},
abstract = {This chapter will briefly describe the Alignment-Based Learning(ABL) framework and relate it to Data-Oriented Parsingfrom di{\#}erent viewpoints. Firstly, ABL can be used to bootstrapan initial treebank, which can then be used by DOP.},
year = {2003},
month = {Aug},
language = {eng},
pmid = {667428},
URL = {http://citeseer.ist.psu.edu/667428},
uri = {papers://DB7FB87E-F73C-45B1-9408-4C5BD775B8E1/Paper/p72}
}

@article{vanZaanen:2001p141,
author = {Menno van Zaanen}, 
journal = {Arxiv preprint cs.LG},
title = {Bootstrapping Syntax and Recursion using Alignment-Based Learning},
year = {2001},
month = {Jan},
pmid = {15999704223361907554related:YrvNmDheCt4J},
URL = {http://arxiv.org/abs/cs.LG/0104007},
uri = {papers://DB7FB87E-F73C-45B1-9408-4C5BD775B8E1/Paper/p141}
}
